1897 2946
204 141 350 193 xxxvi

211 273 537 325 otaudum,quod
560 271 727 323 Duplex
743 268 873 321 quod-

138 293 412 382 Noumque,
452 327 579 369 etiam
616 323 788 366 Patroni
830 323 875 362 et

139 386 277 428 Tituli
296 381 512 429 Ecclesiae,
540 380 609 423 vel
636 375 875 437 Dedicatio-

139 441 209 483 nis
237 436 446 491 ejusdem,
483 445 702 475 coemens
732 431 777 472 in
804 429 873 471 Vi·

140 493 262 545 giliis
310 487 563 533 Nativitatis
614 483 785 526 Domini
832 483 877 523 et

140 544 435 591 Pentecostes„
470 541 517 582 in
551 539 621 581 die
649 536 877 579 Circumci-

142 600 294 647 sionis‚
322 598 368 639 in
393 596 465 637 die
502 595 662 637 Octava
691 590 876 642 Epipha-

141 655 235 699 niae,
264 653 310 694 in
336 649 459 692 Feria
491 648 639 699 quarta
670 646 878 689 cinerum,

142 720 192 748 ac
208 707 269 747 in
297 706 389 746 tota
414 701 566 752 majori
594 696 877 740 Hebdomada.

144 763 190 801 et
234 758 346 800 infra
391 757 573 799 octavas
619 752 793 794 Paschae
835 750 880 789 et

143 812 434 858 Pentecostes,
455 808 500 849 in
517 806 778 848 Ascensione
798 804 881 864 Do-

144 866 277 912 mini,
317 865 363 905 in
393 863 506 904 festo
536 859 730 910 Corporis
759 858 879 897 Chri-

147 920 219 965 sti,
258 919 305 959 in
339 917 453 958 festo
481 911 800 964 Assumptionis
839 911 881 949 et

145 971 430 1014 Immaculatae
477 965 777 1018 Conceptionis
832 964 883 1003 B.

145 1024 350 1077 Virginis,
393 1023 438 1063 in
474 1022 586 1062 festo
629 1021 671 1060 S.
707 1017 883 1068 Joseph‚

145 1081 214 1120 Ss.
240 1077 537 1128 Apostolorum
565 1073 679 1114 Petri
708 1073 753 1112 et
777 1071 885 1111 Pau-

147 1133 195 1180 li.
210 1132 255 1172 et
266 1129 459 1172 Omnium
476 1128 734 1172 Sanctorum,
747 1126 885 1164 trans-

146 1186 296 1231 fertur,
323 1183 362 1223 si
384 1180 607 1223 transferri
628 1180 778 1223 valeat,
807 1177 885 1216 ali·

146 1241 213 1278 ter
231 1237 285 1278 de
299 1248 348 1278 eo
362 1236 413 1276 fit
428 1232 773 1276 Commemoratio
791 1231 885 1280 ipso

148 1291 218 1332 die
237 1300 319 1340 quo
339 1288 465 1337 cadit,
484 1288 553 1328 vel
574 1287 747 1338 penitus
764 1284 887 1325 omit-

148 1344 272 1390 titur.
312 1344 363 1383 ut
402 1340 574 1392 ponitur
616 1340 660 1380 in
702 1336 884 1389 propriis

147 1394 362 1437 Rubricis.

204 1502 321 1541 Infra
351 1502 550 1543 Octavam
576 1499 817 1549 Epiphaniae.
838 1498 888 1537 fit

151 1556 316 1595 tantum
337 1554 390 1594 de
408 1555 601 1599 Patrono.
622 1554 691 1593 vel
708 1551 889 1593 Titulari

152 1607 368 1653 Ecclesiae.
406 1609 451 1647 et
484 1606 674 1657 ejusdem
714 1606 890 1646 Dedica-

150 1660 280 1709 tione,
317 1671 412 1701 cum
440 1659 667 1700 commem.
702 1661 889 1700 Octavae:

151 1713 238 1752 alia
273 1712 406 1753 Festa
440 1713 755 1752 transferuntur
795 1713 893 1761 post

153 1768 259 1812 Oct„
298 1765 374 1805 aut
410 1765 464 1805 de
492 1765 557 1806 eis
586 1767 636 1805 fit
665 1768 892 1805 Commem.

150 1820 201 1859 ut
229 1830 370 1869 supra.

205 1922 324 1963 Infra
359 1923 453 1965 Oct.
482 1922 678 1973 Corporis
714 1923 892 1968 Christi.

155 1976 208 2016 de
225 1975 384 2017 Semid.
398 1978 642 2018 occurrente
658 1977 708 2017 fit
727 1979 893 2016 tant-um

153 2028 392 2077 commem„
414 2040 552 2080 neque
570 2030 622 2070 fit
649 2030 702 2070 de
720 2030 893 2080 Duplici

151 2080 376 2129 translato,
392 2082 480 2123 nisi
500 2082 561 2123 sit
581 2082 609 2124 i.
627 2084 697 2123 vel
722 2084 767 2124 ii.
787 2083 896 2123 clas-

156 2133 233 2179 sis.
262 2135 308 2174 et
335 2133 389 2175 de
409 2146 472 2182 ea,
491 2147 752 2186 quocumque
771 2135 896 2176 adve-

153 2186 300 2225 niente
327 2186 516 2238 Duplici,
543 2189 594 2229 fit
621 2188 781 2230 Comm.

209 2288 329 2329 Infra
348 2290 449 2333 illas
471 2293 666 2342 Octavas‚
683 2295 725 2335 in
742 2295 896 2345 quibus

156 2340 207 2378 fit
234 2340 287 2401 de
309 2343 455 2385 Festis
485 2348 816 2396 occurrentibus,
845 2349 898 2389 de

157 2391 451 2455 &mmm-ilici,
493 2398 624 2439 etiam
653 2404 899 2442 occurrente

155 2453 213 2503 m·
230 2443 465 2505 Dominics,
492 2449 544 2489 fit
571 2451 812 2504 commem„
833 2454 899 2495 uti

156 2495 266 2534 alias
290 2501 422 2546 Juxta
449 2501 670 2547 Rubricas.

206 2597 277 2658 ‘Dp
320 2602 478 2645 Octava
514 2606 772 2656 Nativitatis
814 2616 902 2656 Do-

161 2658 281 2724 mini.
315 2652 575 2710 Epiphaniae,
616 2663 660 2704 et
704 2666 905 2719 Corporis

955 264 1132 311 Christi,
1159 274 1325 314 semper
1352 263 1404 303 fit
1432 263 1711 304 Commemo-

953 319 1075 368 ratio‚
1095 328 1355 370 quocumque
1374 317 1506 359 Festo
1531 318 1578 358 in
1605 317 1712 358 illis

954 374 1212 414 occurrente.

1009 480 1073 520 De
1110 477 1209 518 aliis
1254 477 1445 527 Octavis‚
1489 490 1582 529 quse
1620 491 1714 520 non

957 534 1061 573 sunt
1086 532 1132 573 in
1155 531 1427 581 Kalendario,
1454 533 1569 573 nihil
1601 534 1655 574 fit
1686 545 1714 573 a

958 587 1081 627 Foris.
1125 586 1275 635 quarta
1321 585 1523 626 Cinerum
1565 598 1714 637 usque

959 640 1011 679 ad
1047 638 1309 680 Dominicam
1354 639 1400 679 in
1428 640 1569 689 Albis,
1602 643 1653 682 et
1687 653 1715 680 a.

959 692 1119 743 vigilia
1158 692 1438 734 Pentecosten
1482 705 1624 744 usque
1654 693 1715 734 ad

959 747 1134 787 Festum
1145 746 1212 785 Ss.
1223 745 1453 787 Trinitatis
1471 747 1711 798 inclusive,

960 802 1005 840 et
1033 812 1058 838 a
1086 799 1154 840 die
1187 800 1247 838 17.
1280 799 1530 841 Decembris
1569 813 1715 852 usque

962 853 1013 893 ad
1043 850 1336 904 Epiphaniam.

1016 959 1119 1000 Dies
1137 960 1308 1001 Octavae
1326 971 1556 1012 numquam
1572 963 1715 1003 trans-

963 1013 1116 1054 fertur:
1148 1012 1242 1053 ideo
1272 1025 1526 1062 quamquam
1542 1016 1716 1056 Nativi-

962 1068 1030 1107 tas
1064 1068 1106 1106 S.
1124 1065 1152 1105 J
1156 1066 1303 1106 oannis
1335 1067 1547 1118 Baptista>
1569 1081 1717 1110 occur-

964 1132 1060 1160 rens
1092 1119 1137 1160 in
1177 1119 1248 1159 die
1290 1120 1489 1169 Corporis
1530 1123 1715 1170 Christi,

963 1173 1246 1214 transferatur
1287 1174 1332 1213 in
1371 1174 1487 1216 diem
1528 1189 1715 1228 sequen-

964 1230 1074 1274 temt,
1133 1238 1217 1267 non
1262 1228 1404 1267 tamen
1453 1232 1717 1271 transfertur

968 1281 1139 1327 Octava,
1179 1280 1255 1320 sed
1292 1281 1346 1320 de
1376 1294 1425 1321 ea
1454 1284 1506 1323 fit
1546 1286 1716 1325 tantum

966 1333 1314 1374 Commemoratio
1331 1333 1375 1373 in
1393 1335 1541 1378 Officio
1558 1338 1613 1379 de
1624 1339 1719 1379 oct.

968 1387 1163 1438 Corporis
1194 1386 1373 1427 Christi.

1023 1495 1068 1535 Si
1099 1497 1301 1544 occurrat,
1322 1498 1371 1536 ut
1391 1497 1618 1541 Patronus,
1650 1501 1718 1540 vel

969 1549 1143 1589 Titulus
1163 1549 1366 1591 Ecclesiae
1388 1550 1636 1601 descriptus
1660 1555 1722 1594 sit

969 1604 1114 1643 eodem
1151 1602 1220 1643 die
1255 1604 1299 1643 in
1332 1603 1590 1646 Kalendario
1624 1619 1720 1647 cum

970 1656 1069 1696 aliis
1101 1655 1283 1701 Sanctis,
1315 1657 1359 1696 in
1382 1669 1433 1697 ea
1452 1658 1652 1700 Ecclesia
1671 1662 1722 1700 fit

971 1712 1136 1749 tantum
1165 1709 1216 1749 de
1245 1710 1445 1759 Patrono,
1490 1714 1561 1754 vel
1597 1714 1722 1754 'l'itu-

971 1762 1063 1802 lari.
1083 1762 1173 1802 Alii
1198 1760 1235 1802 si
1258 1763 1301 1802 in
1321 1762 1439 1805 dicto
1458 1764 1723 1808 Kalendas-io

972 1815 1179 1865 descripti
1218 1816 1309 1855 sint
1338 1817 1419 1857 sub
1453 1818 1601 1860 Officio
1635 1821 1724 1861 Du-

971 1869 1076 1919 plici
1093 1868 1256 1916 minori.
1272 1882 1356 1911 non
1371 1872 1515 1913 tamen
1529 1872 1722 1925 alicujus

972 1922 1169 1963 Doctoris
1194 1923 1411 1971 Ecclesiae,
1432 1925 1504 1966 vel
1526 1926 1724 1967 Semidu-

973 1975 1090 2026 plici,
1110 1975 1163 2015 de
1182 1977 1248 2016 eis
1277 1976 1389 2017 nihil
1413 1979 1477 2018 fit.
1508 1980 1553 2019 Si
1578 1983 1725 2021 autem

976 2029 1066 2069 sint
1099 2028 1153 2069 de
1188 2029 1421 2079 majoribus
1460 2033 1607 2073 Pestis
1647 2037 1725 2075 aut

975 2084 1217 2129 Doctorum,
1237 2083 1569 2133 transferuntur,
1590 2087 1655 2127 ita.
1675 2090 1727 2129 ut

976 2136 1029 2176 de
1048 2136 1257 2176 translato
1285 2137 1363 2177 fiat
1382 2136 1577 2179 Officium
1606 2153 1655 2181 ac
1685 2142 1728 2183 si

976 2189 1144 2240 proprio
1190 2189 1261 2229 die
1310 2189 1613 2234 celebraretur.
1679 2196 1726 2235 Si

977 2253 1076 2283 vero
1104 2243 1150 2283 in
1177 2242 1437 2285 Kalendario
1466 2257 1614 2287 omnes
1635 2248 1729 2289 sint

977 2299 1190 2346 tamquam
1219 2295 1396 2338 Festum
1426 2298 1636 2351 Simplex,
1674 2302 1728 2343 de

978 2349 1080 2414 aliis
1108 2349 1220 2391 nihil
1247 2349 1313 2391 fit.

1034 2457 1098 2497 De
1116 2456 1254 2498 Feriis
1284 2456 1512 2499 Adventus
1542 2460 1589 2501 et
1617 2461 1731 2510 Qua-

981 2509 1241 2561 dragesimae,
1270 2511 1439 2561 quando
1467 2512 1521 2552 de
1551 2514 1617 2554 eis
1645 2526 1729 2556 non

981 2564 1034 2604 fit
1070 2563 1276 2612 Officium,
1305 2565 1356 2605 fit
1375 2564 1728 2609 commemoratio

984 2617 1031 2657 in
1057 2617 1252 2668 utrisque
1287 2617 1506 2669 Vesperis,
1535 2622 1583 2661 et
1617 2621 1730 2664 Lau-

984 2670 1109 2712 dibus
1151 2671 1462 2725 quuscumque
1496 2672 1640 2717 Festi:
1678 2675 1731 2717 de
