1897 2946
226 130 271 182 x!

229 267 431 309 otandum
460 263 572 317 quod
600 263 647 305 in
672 263 708 304 1.
735 262 895 314 Vespe-

229 322 292 363 ris
321 319 407 362 diei
428 319 596 362 octava
615 315 892 358 Ascensionis

158 376 204 415 et
231 373 425 425 Corporis
445 370 623 419 Christi,
651 371 788 410 totum
818 368 893 410 Of-

158 429 227 468 fic.
261 428 313 468 fit
339 428 392 468 de
429 426 532 473 Oet..
570 436 665 464 cum
703 422 894 464 Comme-

158 482 390 522 moratione
443 477 721 530 praecedentis
772 476 893 517 Festi

158 534 368 586 Duplicis,
384 533 470 574 nisi
488 532 620 572 fuerit
633 531 806 571 Festum
828 541 894 569 so-

157 588 296 630 lemne
322 586 568 639 principale,
596 584 666 625 vel
689 583 722 624 i.
748 583 818 624 vel
847 582 893 623 ii.

160 641 337 688 Classis,
367 641 468 692 quia
492 638 594 680 tunc
615 637 666 678 de
688 636 803 678 festo
822 636 895 676 fie-

157 696 224 735 ret
253 694 455 742 Officium,
483 693 527 733 et
550 689 893 732 Commemoratio

160 749 212 788 de
241 749 415 790 Octava.
454 782 455 785 ,

213 855 266 895 In
295 855 354 895 11.
380 851 580 903 Vesperis
609 849 695 890 diei
724 851 892 892 Octavae

160 907 418 958 Epiphaniae,
446 906 632 951 Pasohae,
665 903 893 944 Ascensio-

157 961 227 1002 nis
257 961 301 1001 et
331 960 524 1010 Corporis
554 957 730 1005 Christi,
751 958 803 997 de
825 968 893 996 se-

159 1014 306 1064 quenti
325 1013 500 1064 Duplici
518 1013 569 1052 fit
586 1012 749 1052 tantum
771 1011 893 1050 Com-

158 1077 291 1113 mem.,
328 1065 415 1107 nisi
453 1065 563 1107 illud
599 1063 731 1105 fuerit
767 1065 795 1104 i.
824 1064 895 1103 vel

160 1120 205 1160 ii.
238 1120 418 1167 Classis,
455 1130 531 1160 seu
567 1117 787 1164 Patronus,
826 1118 894 1156 vel

159 1173 346 1221 Titulus,
383 1173 458 1213 aut
489 1171 710 1212 Dedicatio
748 1171 893 1211 Eccle-

159 1227 255 1266 siae:
285 1227 384 1276 quia
410 1226 513 1267 tunc
541 1225 593 1265 de
616 1225 747 1265 Festo
775 1225 894 1264 fieret

160 1277 273 1320 Offic.
301 1280 346 1320 et
373 1278 426 1320 de
455 1279 548 1320 Oct.
577 1276 801 1318 Commem.
840 1278 896 1317 Et

158 1332 361 1373 similiter
377 1332 446 1372 die
459 1332 550 1373 Oct.
562 1330 757 1381 Corporis
775 1330 896 1371 Chri-

159 1384 218 1425 sti
247 1385 292 1426 in
321 1386 379 1426 11.
404 1384 604 1435 vesperis
624 1385 895 1431 concurrente

158 1449 253 1478 cum
281 1438 352 1479 die
380 1439 538 1480 Octava
556 1437 794 1479 S.Joannis
816 1437 894 1478 Ba-

156 1492 315 1540 ptistae,
345 1492 538 1543 Vesperae
557 1493 680 1533 erunt
699 1492 752 1532 de
773 1492 894 1532 Oeta-

156 1556 212 1583 να
240 1544 435 1595 Corporis
467 1545 630 1585 Christi
658 1557 753 1586 cum
775 1545 892 1585 Com-

158 1607 326 1638 memor.
357 1600 522 1640 oetavae
554 1598 596 1639 S.
624 1598 816 1639 Joannis.

1028 260 1080 302 In
1119 260 1179 302 11.
1205 259 1407 311 Vesperis
1444 259 1649 313 Duplicis
1691 261 1723 302 i.

974 314 1131 356 classis
1167 313 1219 354 fit
1246 313 1474 355 Commem.
1502 315 1556 356 de
1569 314 1720 355 Fastis

973 367 1227 418 Duplioibns
1266 368 1312 407 et
1349 368 1722 419 Semiduplicibus

972 421 1163 462 reductis
1196 419 1248 460 ad
1277 421 1447 461 modum
1476 422 1723 472 Simplicis,

973 473 1263 516 tantummodo
1297 474 1551 524 hujusmodi
1596 475 1724 516 Com-

974 527 1217 569 memoratio
1244 527 1441 568 facienda
1461 528 1523 569 sit
1547 529 1619 569 die
1650 541 1723 571 se-

973 581 1136 633 quenti.
1177 582 1229 621 In
1271 581 1529 631 Duplicibus
1577 583 1724 624 tamen

973 635 1166 677 secundae
1186 635 1340 675 classis
1357 635 1410 674 de
1430 635 1561 676 dictis
1572 636 1723 677 Pestis

972 690 1023 729 fit
1052 688 1275 729 Commem.
1302 688 1350 729 in
1375 689 1573 740 utrisque
1592 690 1726 740 Vesp.

974 742 1027 782 ad
1054 742 1191 783 instar
1211 741 1378 783 Octavae
1398 744 1444 783 et
1463 743 1724 784 Dominicae:

973 807 1057 836 non
1101 795 1153 835 fit
1200 806 1297 836 vero
1340 794 1500 837 Comm.
1548 797 1603 838 de
1653 798 1725 838 die

975 849 1086 890 infra
1114 848 1272 896 Octav„
1301 849 1387 889 nisi
1409 852 1579 900 quando
1601 851 1656 891 de
1676 864 1728 892 ea

974 903 1065 944 fieri
1107 902 1259 943 debeat
1300 901 1493 943 officium
1538 904 1610 944 die
1654 917 1724 944 se-

975 955 1133 1007 quenti.

1030 1062 1134 1103 Cum
1159 1063 1303 1112 plures
1323 1062 1434 1103 flunt
1455 1063 1726 1107 Commemo-

975 1116 1175 1163 rationes,
1206 1117 1399 1156 servetur
1418 1117 1491 1158 hic
1514 1119 1640 1160 ordo:
1662 1121 1727 1160 De

976 1169 1161 1220 Duplici,
1191 1169 1293 1209 licet
1320 1171 1472 1221 agatur
1506 1174 1727 1224 tamquam

978 1223 1179 1273 Simplex,
1209 1223 1262 1262 de
1290 1222 1531 1273 Dominica,
1563 1227 1619 1268 de
1649 1229 1727 1268 Se·

977 1276 1212 1327 miduplioi,
1241 1276 1370 1316 etiam
1399 1280 1570 1327 quando
1601 1281 1730 1321 redu-

976 1331 1089 1372 citur
1121 1329 1173 1369 ad
1203 1329 1368 1370 modum
1401 1331 1642 1384 Simplicis,
1675 1335 1729 1375 de

977 1384 1049 1424 die
1091 1383 1201 1423 infra
1244 1384 1461 1431 Octavam,
1506 1387 1559 1426 de
1604 1388 1730 1429 Feria

974 1436 1136 1489 maJ‘ori,
1166 1448 1242 1477 seu
1271 1436 1445 1488 Vigilia,
1480 1439 1535 1481 de
1567 1442 1731 1484 Sancta

975 1491 1109 1532 Maria
1163 1491 1207 1531 in
1257 1491 1455 1541 Sabbato,
1506 1495 1561 1535 de
1614 1497 1728 1537 Sim-

973 1544 1092 1597 plici.
