1897 2946
387 372 571 379 u—------
613 372 720 379 —vv-

266 372 453 446 omine,
481 380 709 450 probasti
729 397 828 445 me,
852 388 905 433 et

265 449 553 517 cognovisti
573 463 669 501 me:
688 447 721 480 *
743 456 801 500 tu
828 463 907 499 co-

168 516 391 586 gnovisti
424 515 697 567 sessionem
724 530 905 578 meam,

164 592 217 637 et
253 583 680 635 resurrectionem
722 597 903 634 meam.

198 648 495 702 Intellexisti
570 648 905 717 cogitationes

165 732 304 769 meas
327 715 391 768 de
414 714 591 783 longe:
616 716 650 749 *
671 715 905 769 semitam

165 781 709 847 meam,etfuniculum
734 797 905 834 meum

164 849 504 917 investigasti.

198 917 265 969 Et
299 931 475 969 omnes
494 916 600 968 vias
623 932 761 969 meas
784 931 907 985 prae-

164 982 371 1036 vidistit
416 982 448 1015 *
497 983 620 1050 quia
675 999 778 1035 non
830 990 908 1035 est

164 1066 333 1103 sermo
369 1050 422 1101 in
456 1048 630 1117 lingua
666 1066 793 1102 mea.

197 1118 348 1181 Ecce,
382 1116 614 1180 Domine,
634 1124 692 1169 tu
727 1131 906 1184 eogno-

161 1184 281 1239 visti
317 1183 488 1237 omnia
526 1184 816 1247 novissima,
853 1189 907 1234 et

162 1257 380 1319 antiqua
395 1250 453 1304 z*
471 1256 529 1300 tu
554 1249 779 1302 formasti
807 1265 905 1313 me,

162 1327 215 1371 et
249 1316 471 1387 posuisti
506 1331 663 1384 super
698 1332 777 1369 me
808 1332 907 1368 ma-

164 1401 293 1437 num
330 1391 489 1435 tuam.

198 1449 448 1504 Min-abilis
486 1447 616 1503 facta
652 1458 729 1504 est
752 1450 907 1503 scien-

167 1519 239 1570 tia
275 1526 364 1570 tua
401 1534 460 1570 ex
499 1533 605 1570 me:
641 1517 675 1550 ³*
714 1517 907 1570 confor-

167 1590 279 1638 tata
315 1593 407 1647 est,
438 1592 491 1635 et
516 1601 617 1636 non
634 1588 814 1653 potero
841 1585 903 1636 ad

164 1667 296 1705 eam.

197 1718 317 1785 Quo
353 1717 437 1770 ibo
460 1733 490 1769 a
514 1717 700 1786 spiritu
737 1718 906 1770 tuo?*

167 1795 222 1839 et
240 1802 345 1855 quo
364 1801 395 1836 a
416 1783 545 1837 facie
563 1793 653 1837 tua
677 1783 869 1853 fugiam
882 1789 905 1833 ‘2

199 1851 253 1906 Si
290 1850 568 1904 ascendero
604 1851 657 1903 in
705 1851 907 1915 eoelum,

165 1928 223 1972 tu
250 1918 353 1971 illic
388 1917 573 1971 es:*si
599 1917 907 1971 descendero

166 1987 222 2038 iu
258 1984 707 2049 infernum,fades.

202 2051 256 2106 Si
271 2057 541 2120 sumpsero
559 2067 754 2120 pennas
772 2067 909 2104 meas

167 2117 415 2182 diluculo,
447 2117 480 2150 *
514 2125 566 2170 et
611 2116 909 2171 habitavero

167 2187 222 2238 in
257 2184 496 2238 extremis
532 2185 699 2238 mariS.

206 2252 410 2305 Etenim
450 2250 567 2303 illuc
603 2266 785 2304 manus
820 2259 909 2303 tua

168 2318 395 2372 deducet
431 2333 536 2370 me:
559 2316 593 2349 ³¹⁵
627 2326 679 2371 et
714 2317 908 2371 tenebit

173 2401 257 2438 me
292 2385 501 2438 dextera
538 2392 643 2437 tua.

201 2452 269 2504 Et
311 2452 441 2505 dixi:
494 2450 725 2503 Fet-sitan
779 2453 913 2504 tene·

170 2517 274 2571 brae
327 2516 703 2572 conculcabunt
740 2533 846 2571 me:
880 2518 913 2551 *

172 2593 225 2638 et
250 2601 347 2637 nox
384 2584 691 2638 illuminatio
719 2600 831 2636 mea
860 2584 912 2636 in

173 2651 369 2705 deliciis
404 2653 544 2704 meis,

986 384 1118 435 sicut
1155 381 1376 434 tenebrae
1411 381 1537 452 ejus,
1564 383 1634 435 ita
1671 390 1724 435 et

986 450 1159 502 lumen
1201 446 1322 516 ejuS.

1019 514 1153 581 Quia
1178 522 1235 567 tu
1274 516 1540 585 possedisti
1579 532 1726 568 renes

988 598 1150 635 meos:
1185 582 1218 614 *
1252 584 1519 652 suscepisti
1555 599 1636 636 me
1661 583 1724 635 de

989 655 1138 703 utero
1174 650 1348 701 matris
1383 665 1523 702 meaa.

1021 714 1316 770 Confitebor
1351 715 1462 782 tibi,
1484 717 1604 785 quia
1630 725 1728 769 ter-

988 782 1206 835 ribiliter
1223 782 1578 851 magnificatus
1599 800 1675 837 es:
1693 782 1724 816 *

989 848 1240 903 mirabilia
1299 854 1454 918 epera
1507 858 1614 914 tua,
1673 858 1726 902 et

987 917 1157 996 anima
1193 931 1305 968 mea
1341 918 1604 985 cognoscit
1655 917 1727 968 ni-

988 999 1100 1037 mis.

1021 1051 1136 1104 Non
1172 1057 1248 1101 est
1299 1049 1615 1102 occultatum
1671 1067 1724 1102 os

986 1131 1157 1170 meum
1193 1132 1222 1169 a
1257 1123 1328 1183 te,
1361 1117 1499 1186 quod
1559 1117 1725 1169 fecisti

990 1185 1043 1236 in
1079 1182 1307 1237 occulto:
1343 1183 1376 1216 *
1411 1191 1462 1235 et
1499 1183 1728 1236 substen-

988 1252 1058 1304 tia
1079 1264 1192 1301 mea
1213 1250 1265 1301 in
1284 1248 1610 1303 inferieribus
1631 1258 1728 1303 ter-

989 1334 1072 1369 rae.

1021 1382 1381 1452 Imperfectum
1403 1399 1575 1437 meum
1597 1383 1729 1435 vide-

990 1460 1111 1504 runt
1147 1448 1280 1503 oculi
1315 1450 1411 1515 tui,
1442 1452 1569 1504 etin
1596 1449 1726 1503 libro

989 1526 1081 1571 tuo
1117 1533 1292 1570 omnes
1338 1517 1660 1571 scribentur:
1696 1521 1726 1547 '⁹‘

989 1585 1122 1662 dies·
1144 1583 1520 1664 formabuntur,
1557 1594 1609 1637 et
1647 1601 1728 1636 ue·

989 1667 1073 1703 mo
1108 1667 1163 1704 1n
1199 1667 1285 1704 eis,

1022 1716 1151 1770 Mihi
1187 1722 1359 1770 autem
1399 1719 1547 1769 nimis
1576 1717 1728 1769 hono-

992 1785 1173 1837 rificati
1209 1793 1331 1836 sunt
1355 1785 1504 1836 amici
1526 1786 1619 1849 tui,
1635 1785 1730 1836 De·

994 1869 1075 1904 us:
1125 1852 1158 1882 *
1208 1852 1356 1904 nimis
1409 1850 1727 1904 confortatus

956 1948 959 1951 -
991 1928 1067 1971 est
1105 1918 1426 1987 principetus
1452 1922 1640 1971 eorum.

1023 1985 1370 2037 Dinumerebo
1427 2000 1528 2049 eoS,
1564 1992 1616 2037 et
1652 2001 1729 2036 su-

991 2067 1084 2171 per
1144 2055 1349 2104 arenam
1420 2050 1730 2120 multiplica—

1026 2124 1212 2174 untur:
1231 2119 1262 2150 ³*
1287 2119 1534 2183 exui-rexi,
1558 2126 1610 2170 et
1645 2115 1730 2170 ad-

993 2185 1092 2238 hue
1128 2201 1241 2238 sum
1278 2193 1464 2238 tecum.

1026 2250 1080 2306 Si
1116 2251 1363 2305 occideris
1396 2251 1534 2303 Deus
1559 2265 1731 2319 pecca-

995 2322 1158 2371 teres:
1193 2317 1228 2350 *
1271 2318 1370 2371 viri
1421 2317 1726 2385 sanguinum

995 2384 1248 2438 declinate
1282 2400 1312 2436 a
1349 2400 1445 2437 me.

1027 2450 1159 2517 Quia
1196 2450 1366 2504 dicitis
1383 2450 1435 2502 in
1472 2449 1732 2518 cogitatio-

996 2534 1086 2570 ne:
1119 2517 1153 2551 *
1187 2517 1455 2587 Accipient
1509 2516 1562 2567 in
1598 2515 1732 2569 vani-

997 2589 1103 2636 tete
1138 2584 1372 2645 civitates
1408 2591 1536 2634 tuas,

1029 2650 1210 2702 Nonne
1261 2650 1352 2717 qui
1404 2646 1624 2699 oderunt
1663 2654 1729 2708 te,
