1897 2946
122 260 154 294 ri

123 319 252 361 tuus
274 309 387 362 oleo
411 309 599 362 laetitiae
626 326 729 380 prae
752 326 867 362 cou-

122 375 353 428 sortibus
389 378 505 429 tuis,

160 442 393 512 Myrrha,
418 451 470 495 et
507 451 673 509 gutta,
700 451 753 496 et
788 448 866 495 co-

122 511 200 562 sia
246 525 276 561 a
322 511 639 562 vestimentis
682 510 799 574 tuiS,
834 528 863 562 a

122 576 363 629 domibus
415 576 679 630 eburneis:
719 577 751 609 *
804 594 863 629 ex

166 642 316 696 uibus
373 643 757 696 delectaverunt
811 653 861 697 te

122 659 244 763 gliae
266 726 439 777 regum
466 712 518 761 iu
538 710 729 763 honore
756 719 861 763 tuo,

161 775 345 829 Astitit
381 783 552 845 regina
597 794 626 829 a
673 778 863 830 dextris

124 845 231 896 tuis
256 844 310 895 in
335 850 522 896 vestitu
548 844 863 897 deauret0:*

120 910 449 963 circumdata
486 912 749 963 varietate.

160 977 315 1041 Audi,
336 976 453 1041 filia,
482 987 536 1029 et
561 977 694 1041 vide,
716 985 768 1030 et
794 978 865 1029 in-

122 1043 260 1096 clina
296 1049 474 1096 eurem
528 1053 698 1097 tuam:
735 1044 767 1077 *
812 1053 863 1096 et

124 1109 424 1163 obliviscere
439 1111 685 1179 populum
698 1119 863 1176 tuum,

121 1186 179 1231 et
216 1177 424 1229 domum
461 1178 622 1246 putris
659 1179 751 1230 tui.

156 1244 221 1296 Et
257 1251 586 1313 concupiscet
632 1245 739 1306 Rex
782 1244 862 1297 de-

118 1316 294 1364 corem
332 1319 505 1364 tuum:
543 1310 576 1343 *
619 1311 860 1379 quoniam

121 1380 230 1447 ipse
291 1386 369 1429 est
419 1377 669 1430 Dominus
725 1378 862 1429 Deus

122 1457 260 1509 tuuS,
299 1453 353 1497 et
388 1444 681 1498 adorabunt
726 1460 857 1498 eum.

157 1512 223 1564 Et
259 1511 373 1563 filiae
396 1511 516 1580 Tyri
554 1513 608 1563 in
643 1513 862 1565 muneri-

123 1577 268 1644 bus*
285 1578 483 1632 vultum
510 1588 659 1631 tuum
684 1578 862 1646 depre-

121 1644 406 1698 cabuntur:
454 1661 631 1698 omnes
676 1645 860 1698 divites

122 1711 300 1781 plebis,

154 1777 334 1832 Omnis
369 1779 530 1848 gloria
584 1777 692 1847 ejus
744 1779 858 1831 filiae

123 1847 255 1924 regis
289 1845 353 1898 ab
389 1847 548 1908 intus,
584 1847 616 1878 *
661 1847 711 1897 in
754 1847 861 1898 fiiu-

119 1912 244 1964 briis
278 1914 447 1965 aureis
472 1913 857 1966 circumamictu

118 1979 474 2033 varietatibus.

150 2045 494 2099 Addueentur
539 2046 667 2114 Regi
713 2047 861 2114 virgi-

119 2129 208 2166 nes
245 2122 362 2183 post
396 2129 534 2166 eam:
560 2114 592 2145 ³*
617 2116 857 2231 groximae

116 2179 225 2250 ejus
261 2179 545 2233 afferentur
583 2181 619 2231 ti
661 2181 691 2232 i.

147 2246 447 2305 Afferentur
484 2248 536 2298 in
575 2246 768 2310 laetnia,
805 2255 858 2298 et

112 2315 458 2367 exultatione:
477 2314 509 2347 *
532 2313 859 2366 adducentur

114 2382 164 2434 in
202 2381 456 2450 tempium
495 2381 665 2448 Regis.

144 2449 244 2501 Pro
335 2448 539 2501 eti-ibus
591 2448 694 2499 tuis
750 2448 855 2498 nati

109 2525 233 2568 sunt
258 2517 294 2568 ti
334 2517 351 2568 i
377 2515 496 2568 filii:
516 2515 548 2546 *
574 2519 855 2566 constitues

108 2582 852 2651 eospriucipessuperomnem

109 2656 317 2703 terram.
531 2682 534 2685 Δ

139 2714 399 2771 Memores
435 2723 594 2769 erunt
636 2714 855 2767 nominis

948 318 1000 361 et
1036 312 1433 378 generationem.

982 377 1256 445 Propterea
1278 378 1455 446 populi
1473 377 1682 430 confite·

946 443 1144 497 buntur
1171 444 1262 495 tibi
1290 448 1340 496 in
1365 444 1684 497 aeternum:*

946 520 999 562 et
1037 512 1087 562 in
1123 511 1363 563 saeculum
1400 511 1582 564 saeculi.

980 575 1098 625 Ant.
1137 575 1316 645 Specie
1353 586 1460 641 tua,
1488 587 1541 630 et
1578 578 1684 645 pul-

945 642 1238 702 chritudine
1301 654 1391 697 tua
1446 646 1682 709 intende,

947 716 1189 778 prospere
1226 711 1464 780 procede,
1520 718 1574 764 et
1609 728 1684 763 re-

946 794 1061 845 gna.

984 844 1097 892 Aut.
1137 842 1416 913 Adjuvebit
1453 861 1578 898 eam.

1146 908 1372 958 Psaimus
1408 910 1486 957 45.
1513 930 1524 939 ·

946 976 1136 1091 Deus
1161 1034 1165 1037 ,
1186 986 1359 1031 uoster
1407 979 1679 1048 retugium,

1046 1053 1098 1097 et
1124 1046 1314 1098 virtus:
1339 1045 1371 1078 ³¹⁶
1393 1044 1602 1114 adjutor
1624 1048 1678 1099 in

946 1111 1377 1177 tribulationibus,
1395 1128 1510 1191 quae
1545 1114 1680 1166 inve·

945 1181 1133 1230 nerunt
1170 1194 1260 1230 nos
1297 1180 1458 1231 nimis,

976 1246 1254 1313 Propterea
1275 1261 1378 1298 non
1391 1246 1678 1299 timebimus

943 1312 1067 1364 dum
1103 1311 1413 1370 turbabitur,
1445 1321 1609 1366 terret
1646 1314 1679 1345 *

943 1387 996 1431 et
1055 1378 1427 1431 transferentur
1480 1388 1677 1432 montes

945 1446 997 1498 in
1032 1461 1120 1498 cor
1155 1447 1322 1499 muris,

977 1511 1299 1578 Sonuerunt,
1352 1521 1403 1565 et
1458 1512 1676 1566 turbfitae

942 1588 1063 1631 sunt
1099 1596 1242 1648 aquae
1279 1584 1480 1633 eorum:
1504 1580 1536 1612 *
1562 1595 1678 1633 con-

944 1646 1136 1698 turbati
1199 1654 1320 1699 sunt
1371 1654 1570 1699 montes
1625 1647 1677 1698 in

943 1712 1248 1766 fortitudine
1285 1711 1408 1781 ejus,

966 1780 1208 1832 Fluminis
1221 1786 1443 1848 impetus
1454 1778 1675 1832 laetificat

940 1847 1202 1899 civitatem
1238 1847 1355 1898 Dei:
1393 1847 1426 1880 ³⁸⁵
1459 1846 1678 1898 sanctifi-

940 1913 1077 1966 cavit
1113 1913 1504 1967 tubernaculum
1527 1929 1676 1966 suum

941 1980 1242 2037 AltissimuS.

974 2046 1111 2099 Deus
1148 2049 1201 2098 in
1229 2046 1395 2100 medio
1421 2044 1554 2120 ejuS,
1572 2061 1676 2097 non

940 2113 1368 2166 commovebitur:
1405 2113 1439 2146 *
1473 2112 1689 2180 adjuva--

940 2181 1021 2298 biti
1051 2197 1160 2232 eam
1198 2181 1334 2234 Deus
1370 2195 1518 2230 mane
1551 2178 1678 2231 dilu-

938 2264 1003 2300 cu
1025 2265 1068 2299 ο.

974 2313 1305 2372 Conturbatae
1329 2320 1451 2365 sunt
1471 2311 1676 2374 Gentes,

939 2390 993 2433 et
1030 2381 1270 2433 inclinata
1307 2389 1429 2432 sunt
1453 2379 1678 2446 regnat*

939 2448 1082 2500 dedit
1118 2463 1292 2500 vocem
1334 2463 1496 2510 suam,
1536 2453 1675 2496 mota

938 2527 1015 2567 est
1054 2523 1205 2567 terra.

971 2581 1216 2634 Dominus
1236 2580 1488 2632 virtutum
1515 2577 1678 2628 nobis·

936 2664 1080 2700 cum:
1118 2649 1150 2680 ³⁹⁶
1199 2648 1466 2713 susceptor
1503 2650 1675 2697 noster

936 2715 1072 2767 Deus
1106 2711 1278 2766 Jacob.
