1897 2946
166 436 557 513 Ucognovi'sti
576 458 672 496 me:
692 442 725 475 *
747 450 804 495 tu
830 458 909 495 co-

172 511 393 581 gnovisti
427 510 700 563 sessionem
726 525 909 573 meam,

168 587 221 631 et
257 578 683 631 resurrectionem
726 592 906 629 meam.

204 643 498 698 Intellexisti
572 643 909 713 cogitationes

169 727 308 765 meas
331 710 395 764 de
418 709 595 779 longe:
620 712 652 744 *
674 711 907 763 semitam

170 794 353 843 meam,
366 785 415 831 et
428 776 712 831 funiculum
736 793 907 830 meum

167 844 506 912 investigasti.

203 913 267 965 Et
302 927 478 965 omnes
497 910 603 964 vias
626 927 763 965 meas
788 926 910 980 prae-

169 978 374 1033 vidisti:
418 978 451 1011 *
501 979 623 1048 quia
679 995 781 1032 non
832 985 910 1031 est

168 1062 336 1099 sermo
372 1046 425 1097 in
457 1043 634 1113 lingua
669 1061 796 1098 mea.

200 1113 352 1178 Ecce,
385 1112 617 1175 Domine,
636 1119 694 1165 tu
729 1126 909 1179 cogno·

166 1180 284 1234 visti
320 1178 492 1232 omnia
529 1179 819 1242 novissima,
856 1185 908 1229 et

166 1251 384 1315 antiqua
398 1244 456 1299 a*
472 1252 531 1296 tu
555 1243 781 1297 formasti
810 1260 908 1308 me,

164 1322 219 1366 et
253 1312 473 1383 posuisti
509 1326 664 1379 super
700 1328 780 1365 me
811 1326 909 1363 ma-

169 1396 295 1432 num
333 1387 492 1432 tunm.

201 1444 451 1500 Mil-abilis
488 1443 620 1498 facta
655 1453 732 1498 est
756 1445 911 1498 scien·

170 1515 242 1566 tia
278 1521 367 1565 tua
404 1529 463 1565 ex
501 1529 608 1566 me:
644 1512 677 1545 *
716 1511 911 1565 consor·

170 1585 282 1633 tota
317 1588 410 1642 est,
440 1587 493 1631 et
518 1596 620 1631 non
638 1584 817 1648 potero
843 1579 906 1631 ad

167 1663 299 1700 eam.

200 1713 319 1780 Quo
356 1712 440 1765 ibo
463 1729 492 1764 a
516 1712 701 1782 spiritu
740 1714 909 1766 tuo‘I*

171 1790 224 1834 et
242 1796 348 1850 quo
369 1795 399 1832 a
418 1778 547 1832 facie
567 1787 656 1832 tua
680 1778 871 1848 fugiam
884 1784 909 1829 Ἰ

202 1846 256 1900 Si
293 1845 571 1900 ascendero
606 1846 660 1898 in
708 1845 909 1910 coelum,

168 1922 226 1966 tu
255 1913 356 1966 illic
392 1913 576 1966 es:*si
601 1912 909 1966 descendero

170 1982 226 2033 in
261 1979 552 2045 infernum‚·
573 1978 710 2032 ades.

206 2046 259 2100 Si
274 2053 544 2115 sumpsero
562 2062 756 2115 pennas
775 2061 912 2098 meas

172 2111 417 2177 diluculo,
449 2112 482 2144 '¹‘
516 2121 568 2165 et
614 2111 912 2166 habitavero

172 2182 226 2232 in
261 2179 499 2233 extremis
534 2180 702 2232 maris.

210 2247 414 2300 Etenim
452 2245 570 2298 illuc
607 2262 787 2299 manus
824 2254 912 2299 tua

172 2313 398 2367 deducet
433 2329 538 2365 me:
562 2311 595 2345 ³*
629 2322 684 2366 et
717 2312 912 2366 tenebit

177 2396 259 2433 me
296 2380 504 2433 dextera
541 2386 645 2432 tua.

206 2447 272 2499 Et
314 2447 444 2500 dixi:
497 2446 728 2499 Forsitan
781 2448 916 2499 tene·

174 2513 277 2566 brae
330 2510 706 2566 conculcabunt
743 2528 849 2566 me:
884 2513 917 2546 *

176 2588 238 2632 et
254 2596 350 2633 nox
387 2579 695 2632 illuminatio
724 2595 836 2632 mea
863 2579 915 2631 in

178 2646 372 2700 deliciis
407 2647 547 2699 meis,

989 444 1162 497 lumen
1203 441 1325 512 ejus,

1023 510 1155 577 Quia
1180 518 1238 563 tu
1275 512 1543 580 possedisti
1582 527 1728 564 renes

990 593 1153 630 meos:
1189 577 1221 609 *
1254 579 1520 647 suscepisti
1558 594 1638 631 me
1664 577 1728 630 de

991 650 1140 697 utero
1176 645 1351 697 matris
1388 661 1526 698 meae.

1024 710 1318 766 Confitebor
1354 711 1464 776 tibi,
1486 712 1607 781 quia
1634 720 1730 765 ter·

991 777 1209 831 tibiliter
1227 778 1582 846 magnificatus
1601 795 1678 833 es:
1697 779 1728 811 *

992 843 1243 899 mirabilia
1301 850 1457 914 opera
1509 854 1618 910 tua,
1676 853 1729 898 et

991 912 1161 991 anima
1195 927 1308 964 mea
1344 914 1607 980 cognoscit
1658 914 1730 964 ni-

990 994 1103 1032 mis,

1023 1046 1138 1099 Non
1175 1054 1252 1097 est
1303 1045 1618 1098 occultatum
1673 1062 1728 1098 os

989 1127 1159 1165 meum
1196 1128 1223 1164 a
1262 1120 1330 1178 te,
1365 1112 1501 1180 quod
1561 1111 1728 1165 fecisti

992 1181 1046 1232 in
1081 1178 1310 1232 occulto:
1346 1179 1379 1212 ³*
1414 1187 1466 1231 et
1502 1179 1731 1232 substan-

991 1248 1061 1299 tia
1082 1260 1194 1297 mea
1216 1246 1268 1298 in
1287 1244 1613 1298 inferioribus
1634 1253 1730 1298 ter-

992 1329 1074 1365 τω.

1024 1377 1383 1447 Imperfectum
1407 1394 1578 1432 meum
1599 1378 1732 1430 vide-

992 1454 1114 1500 runt
1150 1444 1284 1498 oculi
1319 1445 1414 1511 tui,
1444 1446 1572 1499 etin
1598 1444 1728 1498 libro

991 1521 1084 1566 tuo
1119 1528 1294 1565 omnes
1341 1513 1663 1565 scribentur:
1700 1515 1729 1543 *

993 1579 1125 1658 dies·
1145 1579 1523 1659 formabuntur,
1561 1589 1611 1632 et
1650 1595 1731 1631 ne-

991 1662 1076 1699 mo
1111 1663 1166 1698 ln
1201 1662 1288 1699 em.

1025 1710 1153 1766 Mihi
1189 1717 1360 1766 Autem
1401 1713 1549 1764 nimis
1580 1712 1732 1765 hono·

993 1779 1177 1832 rificiiti
1213 1788 1335 1831 sunt
1359 1780 1507 1831 amici
1528 1780 1622 1844 tui,
1639 1779 1733 1831 De-

997 1863 1077 1900 us:
1129 1848 1161 1878 *
1212 1846 1359 1898 nimis
1412 1844 1730 1899 confortatus

993 1923 1069 1967 est
1106 1913 1428 1982 principatus
1455 1918 1643 1965 eorum.

1026 1980 1374 2032 Dinumerfibo
1430 1995 1530 2044 008,
1567 1989 1620 2032 et
1655 1996 1732 2031 su-

994 2063 1087 2166 Ber
1147 2050 1352 2099 arenam
1425 2045 1733 2114 multiplica-

1030 2119 1215 2169 untur:
1234 2113 1266 2146 *
1290 2113 1536 2178 exurrexi,
1561 2121 1613 2165 et
1648 2111 1733 2164 ad·

996 2180 1095 2233 huc
1131 2196 1244 2234 sum
1281 2188 1467 2234 tecum.

1029 2245 1083 2301 Si
1119 2246 1366 2301 occideris
1400 2246 1536 2298 Deus
1562 2260 1734 2313 pecca-

998 2318 1161 2366 tores:
1196 2313 1230 2345 *
1274 2313 1373 2366 viri
1424 2312 1728 2380 sanguinum

997 2380 1251 2434 declinate
1285 2396 1315 2432 a
1351 2394 1448 2431 me.

1030 2446 1163 2513 Quia
1199 2445 1368 2499 dicitis
1386 2444 1438 2496 in
1475 2443 1734 2512 cogitatio-

999 2529 1088 2566 ne:
1123 2513 1156 2546 *
1190 2511 1458 2581 Accipient
1511 2510 1564 2562 in
1601 2509 1735 2562 vani-

999 2584 1106 2631 tfite
1141 2579 1374 2631 civitates
1410 2585 1539 2628 tuas

1032 2645 1213 2698 Nonne
1265 2643 1353 2712 qui
1406 2640 1627 2693 oderunt
1667 2647 1732 2703 te,
